@book{socketio,
    title={Socket.IO},
    url={https://socket.io}
}
@book{chartjs,
    title={Chart.js},
    url={https://www.chartjs.org}
}
@book{github,
    title={Github},
    url={https://github.com/}
}
@book{husky,
    title={Husky},
    url={https://typicode.github.io/husky/}
}
@book{eslint,
    title={ESLint},
    url={https://eslint.org}
}
@book{jest,
    title={Jest},
    url={https://jestjs.io}
}
@book{react,
    title={React},
    url={https://react.dev}
}